@misc{Sobell2015Linux,
    title = {{ A practical guide to Ubuntu Linux}},
    year = {2015},
    author = {Sobell, M.G.}
}

@techreport{Wagenmakers2004AICWeights,
    title = {{AIC model selection using Akaike weights}},
    year = {2004},
    author = {Wagenmakers, Eric-Jan and Farrell, Simon and Wagenmakers, -J}
}

@techreport{Koutsoumanis2000ApplicationPredictions,
    title = {{Application of a systematic experimental procedure to develop a microbial model for rapid fish shelf life predictions}},
    year = {2000},
    booktitle = {International Journal of Food Microbiology},
    author = {Koutsoumanis, Konstantinos and Nychas, George-John E},
    pages = {171--184},
    volume = {60},
    url = {www.elsevier.nl/locate/ijfoodmicro},
    keywords = {Fish spoilage, Impedance technique, Mathematical modelling}
}

@article{BaranyiModel,
    title = {{Baranyi model}}
}

@article{Hagen2012BiodiversityWorld,
    title = {{Biodiversity, Species Interactions and Ecological Networks in a Fragmented World}},
    year = {2012},
    journal = {Advances in Ecological Research},
    author = {Hagen, Melanie and Kissling, W. Daniel and Rasmussen, Claus and De Aguiar, Marcus A.M. and Brown, Lee E. and Carstensen, Daniel W. and Alves-Dos-Santos, Isabel and Dupont, Yoko L. and Edwards, Francois K. and Genini, Julieta and Guimar{\~{a}}es, Paulo R. and Jenkins, Gareth B. and Jordano, Pedro and Kaiser-Bunbury, Christopher N. and Ledger, Mark E. and Maia, Kate P. and Marquitti, Flavia M.Darcie and Mclaughlin, Órla and Morellato, L. Patricia C. and O'Gorman, Eoin J. and Tr{\o}jelsgaard, Kristian and Tylianakis, Jason M. and Vidal, Mariana Morais and Woodward, Guy and Olesen, Jens M.},
    month = {1},
    pages = {89--210},
    volume = {46},
    publisher = {Academic Press},
    doi = {10.1016/B978-0-12-396992-7.00002-2},
    issn = {0065-2504}
}

@article{Pla2015ComparisonMethods,
    title = {{Comparison of Primary Models to Predict Microbial Growth by the Plate Count and Absorbance Methods}},
    year = {2015},
    journal = {BioMed Research International},
    author = {Pla, María Leonor and Oltra, Sandra and Esteban, María Dolores and Andreu, Santiago and Palop, Alfredo},
    volume = {2015},
    publisher = {Hindawi Publishing Corporation},
    doi = {10.1155/2015/365025},
    issn = {23146141},
    pmid = {26539483}
}

@techreport{XiongComparisonA,
    title = {{Comparison of the Baranyi model with the modified Gompertz equation for modelling thermal inactivation of Listeria monocytogenes Scott A}},
    author = {Xiong, R and Xie, G and Edmondson, A S and Linton, R H and Sheard, M A},
    url = {http://www.idealibrary.com}
}

@article{Lee2014ComparisonConditions,
    title = {{Comparison of two mechanistic microbial growth models to estimate shelf life of perishable food package under dynamic temperature conditions}},
    year = {2014},
    journal = {Mathematical Problems in Engineering},
    author = {Lee, Dong Sun},
    volume = {2014},
    publisher = {Hindawi Publishing Corporation},
    doi = {10.1155/2014/392054},
    issn = {15635147}
}

@article{Sarvaiya2015EffectMetabolites,
    title = {{Effect of audible sound in form of music on microbial growth and production of certain important metabolites}},
    year = {2015},
    journal = {Microbiology (Russian Federation)},
    author = {Sarvaiya, Niral and Kothari, Vijay},
    number = {2},
    month = {3},
    pages = {227--235},
    volume = {84},
    publisher = {Maik Nauka Publishing / Springer SBM},
    doi = {10.1134/S0026261715020125},
    issn = {00262617},
    keywords = {antibiotic susceptibility, calcium, growth, membrane permeability, music, pottasium, sound}
}

@techreport{Yang2001EffectsAMB-1,
    title = {{Effects of growth medium composition, iron sources and atmospheric oxygen concentrations on production of luciferase-bacterial magnetic particle complex by a recombinant Magnetospirillum magneticum AMB-1}},
    year = {2001},
    author = {Yang, Chen-Dong and Takeyama, Haruko and Tanaka, Tsuyoshi and Matsunaga, Tadashi},
    url = {www.elsevier.com/locate/enzmictec},
    keywords = {BMP production, Cell growth, Fed-batch culture, Luciferase-bacterial magnetic particles, Magnetospirillum magneticum AMB-1}
}

@article{Davis2005EffectsBacteria,
    title = {{Effects of growth medium, inoculum size, and incubation time on culturability and isolation of soil bacteria}},
    year = {2005},
    journal = {Applied and Environmental Microbiology},
    author = {Davis, Kathryn E.R. and Joseph, Shayne J. and Janssen, Peter H.},
    number = {2},
    month = {2},
    pages = {826--834},
    volume = {71},
    doi = {10.1128/AEM.71.2.826-834.2005},
    issn = {00992240},
    pmid = {15691937}
}

@article{Perni2005EstimatingEverything,
    title = {{Estimating the maximum growth rate from microbial growth curves: Definition is everything}},
    year = {2005},
    journal = {Food Microbiology},
    author = {Perni, Stefano and Andrew, Peter W. and Shama, Gilbert},
    number = {6},
    pages = {491--495},
    volume = {22},
    publisher = {Academic Press},
    doi = {10.1016/j.fm.2004.11.014},
    issn = {07400020},
    keywords = {Growth model, Microbial growth curve, Predictive microbiology}
}

@techreport{MohdYunusAbdShukor2014Evaluation1,
    title = {{Evaluation of Several Mathematical Models for Fitting the Growth and Kinetics of the Catechol-degrading Candida parapsilopsis: Part 1}},
    year = {2014},
    booktitle = {JEBAT},
    author = {Mohd Yunus Abd Shukor, Associate},
    number = {2},
    pages = {48--52},
    volume = {2},
    url = {http://journal.hibiscuspublisher.com/index.php/JEBAT},
    isbn = {142.671.0011}
}

@techreport{Motulsky2003FittingGlance,
    title = {{Fitting Models to Biological Data using Linear and Nonlinear Regression A practical guide to curve fitting Contents at a Glance}},
    year = {2003},
    author = {Motulsky, Harvey and Christopoulos, Arthur},
    url = {www.graphpad.com.}
}

@article{Moslemi2012ImpactsIndies,
    title = {{Impacts of an Invasive Snail (Tarebia granifera) on Nutrient Cycling in Tropical Streams: The Role of Riparian Deforestation in Trinidad, West Indies}},
    year = {2012},
    journal = {PLoS ONE},
    author = {Moslemi, J M and Snider, S B and Macneill, K and Gilliam, J F and Flecker, A S},
    number = {6},
    pages = {38806},
    volume = {7},
    url = {www.plosone.org},
    doi = {10.1371/journal.pone.0038806}
}

@article{Moslemi2012ImpactsIndiesb,
    title = {{Impacts of an invasive snail (tarebia granifera) on nutrient cycling in tropical streams: The role of riparian deforestation in trinidad, west indies}},
    year = {2012},
    journal = {PLoS ONE},
    author = {Moslemi, Jennifer M. and Snider, Sunny B. and MacNeill, Keeley and Gilliam, James F. and Flecker, Alexander S.},
    number = {6},
    month = {6},
    volume = {7},
    doi = {10.1371/journal.pone.0038806},
    issn = {19326203},
    pmid = {22761706}
}

@techreport{Murtaugh2014InValues,
    title = {{In defense of P values}},
    year = {2014},
    booktitle = {Ecology},
    author = {Murtaugh, Paul A},
    number = {3},
    pages = {611--617},
    volume = {95},
    keywords = {AIC, P value, confidence interval, null hypothesis, significance testing}
}

@article{Bruckner2012InfluencePoultry,
    title = {{Influence of cold chain interruptions on the shelf life of fresh pork and poultry}},
    year = {2012},
    journal = {International Journal of Food Science and Technology},
    author = {Bruckner, Stefanie and Petersen, Brigitte and Kreyenschmidt, Judith},
    number = {8},
    month = {8},
    pages = {1639--1646},
    volume = {47},
    doi = {10.1111/j.1365-2621.2012.03014.x},
    issn = {09505423},
    keywords = {Chilling, Food quality, Microbiology, Pork, Poultry, Shelf life, Temperature abuse}
}

@article{Fessas2017IsothermalModeling,
    title = {{Isothermal calorimetry and microbial growth: beyond modeling}},
    year = {2017},
    journal = {Journal of Thermal Analysis and Calorimetry},
    author = {Fessas, Dimitrios and Schiraldi, Alberto},
    number = {1},
    month = {10},
    pages = {567--572},
    volume = {130},
    publisher = {Springer Netherlands},
    doi = {10.1007/s10973-017-6515-x},
    issn = {15882926},
    keywords = {Isothermal calorimetry, Lactobacillus helveticus, Live systems, Microbial growth}
}

@article{Fessas2017IsothermalModelingb,
    title = {{Isothermal calorimetry and microbial growth: beyond modeling}},
    year = {2017},
    journal = {Journal of Thermal Analysis and Calorimetry},
    author = {Fessas, Dimitrios and Schiraldi, Alberto},
    number = {1},
    month = {10},
    pages = {567--572},
    volume = {130},
    publisher = {Springer Netherlands},
    doi = {10.1007/s10973-017-6515-x},
    issn = {15882926},
    keywords = {Isothermal calorimetry, Lactobacillus helveticus, Live systems, Microbial growth}
}

@article{Kupfer2009LinkingBiodiversity,
    title = {{Linking spatial pattern and ecological responses in human-modified landscapes: The effects of deforestation and forest fragmentation on biodiversity}},
    year = {2009},
    journal = {Geography Compass},
    author = {Kupfer, John A. and Franklin, Scott B.},
    number = {4},
    pages = {1331--1355},
    volume = {3},
    doi = {10.1111/j.1749-8198.2009.00245.x},
    issn = {17498198}
}

@misc{Micha2011MicrobialCannot,
    title = {{Microbial growth curves: What the models tell us and what they cannot}},
    year = {2011},
    booktitle = {Critical Reviews in Food Science and Nutrition},
    author = {Micha, Peleg and Corradini, Maria G.},
    number = {10},
    month = {12},
    pages = {917--945},
    volume = {51},
    doi = {10.1080/10408398.2011.570463},
    issn = {10408398},
    pmid = {21955092},
    keywords = {Gompertz model, Growth rate, Kinetics, Lag time, Logistic growth, Verhulst's equation}
}

@misc{Micha2011MicrobialCannotb,
    title = {{Microbial growth curves: What the models tell us and what they cannot}},
    year = {2011},
    booktitle = {Critical Reviews in Food Science and Nutrition},
    author = {Micha, Peleg and Corradini, Maria G.},
    number = {10},
    month = {12},
    pages = {917--945},
    volume = {51},
    doi = {10.1080/10408398.2011.570463},
    issn = {10408398},
    pmid = {21955092},
    keywords = {Gompertz model, Growth rate, Kinetics, Lag time, Logistic growth, Verhulst's equation}
}

@misc{Johnson2004ModelEvolution,
    title = {{Model selection in ecology and evolution}},
    year = {2004},
    booktitle = {Trends in Ecology and Evolution},
    author = {Johnson, Jerald B. and Omland, Kristian S.},
    number = {2},
    pages = {101--108},
    volume = {19},
    publisher = {Elsevier Ltd},
    doi = {10.1016/j.tree.2003.10.013},
    issn = {01695347}
}

@misc{Johnson2004ModelEvolutionb,
    title = {{Model selection in ecology and evolution}},
    year = {2004},
    booktitle = {Trends in Ecology and Evolution},
    author = {Johnson, Jerald B. and Omland, Kristian S.},
    number = {2},
    pages = {101--108},
    volume = {19},
    publisher = {Elsevier Ltd},
    doi = {10.1016/j.tree.2003.10.013},
    issn = {01695347}
}

@misc{Esser2015ModelingDynamics,
    title = {{Modeling microbial growth and dynamics}},
    year = {2015},
    booktitle = {Applied Microbiology and Biotechnology},
    author = {Esser, Daniel S. and Leveau, Johan H.J. and Meyer, Katrin M.},
    number = {21},
    month = {11},
    pages = {8831--8846},
    volume = {99},
    publisher = {Springer Verlag},
    doi = {10.1007/s00253-015-6877-6},
    issn = {14320614},
    pmid = {26298697},
    keywords = {Bacteria, Food safety, Model, Predictive microbiology, Wastewater}
}

@techreport{Ross2003ModelingAssessments,
    title = {{Modeling Microbial Growth Within Food Safety Risk Assessments}},
    year = {2003},
    booktitle = {Risk Analysis},
    author = {Ross, Thomas and Mcmeekin, Thomas Alexander},
    number = {1},
    volume = {23},
    keywords = {Predictive microbiology, food safety, microbial growth modeling, risk assessment}
}

@techreport{Murphy2000ModelingMedia,
    title = {{Modeling microbial processes in porous media}},
    year = {2000},
    booktitle = {Hydrogeology Journal},
    author = {Murphy, Ellyn M and Ginn, Timothy R and Hall, Everson},
    pages = {142--158},
    volume = {8},
    publisher = {Springer-Verlag}
}

@techreport{Dens2000OnProducts,
    title = {{On the importance of taking space into account when modeling microbial competition in structured food products}},
    year = {2000},
    booktitle = {Mathematics and Computers in Simulation},
    author = {Dens, E J and Van Impe, J F},
    volume = {53},
    keywords = {Coupled map lattice, Microbial competition, Structured food}
}

@misc{Dutta2019PhenomenologicalPrinciples,
    title = {{Phenomenological models as effective tools to discover cellular design principles}},
    year = {2019},
    booktitle = {Archives of Microbiology},
    author = {Dutta, Dibyendu and Saini, Supreet},
    number = {3},
    month = {4},
    pages = {283--293},
    volume = {201},
    publisher = {Springer Verlag},
    doi = {10.1007/s00203-019-01641-z},
    issn = {1432072X},
    pmid = {30826848},
    keywords = {Bacterial Growth Laws, Microbial growth, Modelling, Mother machine, Phenomenological models, Single cell physiology}
}

@article{Pouillot2011PredictiveWhy,
    title = {{Predictive microbiology models vs. modeling microbial growth within Listeria monocytogenes risk assessment: What parameters matter and why}},
    year = {2011},
    journal = {Food Microbiology},
    author = {Pouillot, Régis and Lubran, Meryl B.},
    number = {4},
    month = {6},
    pages = {720--726},
    volume = {28},
    doi = {10.1016/j.fm.2010.06.002},
    issn = {07400020},
    pmid = {21511132},
    keywords = {Listeria monocytogenes, Predictive microbiology, Quantitative risk assessment}
}

@misc{Hunter-Ayad2020ReintroductionReintroductions,
    title = {{Reintroduction modelling: A guide to choosing and combining models for species reintroductions}},
    year = {2020},
    booktitle = {Journal of Applied Ecology},
    author = {Hunter-Ayad, James and Ohlem{\"{u}}ller, Ralf and Recio, Mariano R. and Seddon, Philip J.},
    number = {7},
    month = {7},
    pages = {1233--1243},
    volume = {57},
    publisher = {Blackwell Publishing Ltd},
    doi = {10.1111/1365-2664.13629},
    issn = {13652664},
    keywords = {biodiversity conservation, conservation management, conservation planning, ecological data, ecological models, predictive models, reintroduction, species management}
}

@techreport{Ratkowsky1982RelationshipCultures,
    title = {{Relationship Between Temperature and Growth Rate of Bacterial Cultures}},
    year = {1982},
    booktitle = {JOURNAL OF BACTERiOLOGY},
    author = {Ratkowsky, D A and Olley, June and Mcmeekin, T A and Ball3, A},
    number = {1},
    pages = {1--5},
    volume = {149},
    url = {https://journals.asm.org/journal/jb}
}

@misc{RStudioTeam2020RStudio:RStudio,
    title = {{RStudio: Integrated Development for R. RStudio}},
    year = {2020},
    author = {{RStudio Team}},
    address = {Boston, MA}
}

@article{ShouldReader,
    title = {{Should We Care If Models Are Phenomenological or Mechanistic{\_} {\_} Enhanced Reader}}
}

@article{Bolker2013StrategiesBUGS,
    title = {{Strategies for fitting nonlinear ecological models in R, AD Model Builder, and BUGS}},
    year = {2013},
    journal = {Methods in Ecology and Evolution},
    author = {Bolker, Benjamin M. and Gardner, Beth and Maunder, Mark and Berg, Casper W. and Brooks, Mollie and Comita, Liza and Crone, Elizabeth and Cubaynes, Sarah and Davies, Trevor and de Valpine, Perry and Ford, Jessica and Gimenez, Olivier and K{\'{e}}ry, Marc and Kim, Eun Jung and Lennert-Cody, Cleridy and Magnusson, Arni and Martell, Steve and Nash, John and Nielsen, Anders and Regetz, Jim and Skaug, Hans and Zipkin, Elise},
    number = {6},
    month = {6},
    pages = {501--512},
    volume = {4},
    doi = {10.1111/2041-210X.12044},
    issn = {2041210X},
    keywords = {AD Model Builder, JAGS, Optimization, Parameter estimation, R, WinBUGS}
}

@article{Christensen2002TangledEcology,
    title = {{Tangled nature: A model of evolutionary ecology}},
    year = {2002},
    journal = {Journal of Theoretical Biology},
    author = {Christensen, Kim and Di Collobiano, Simone A. and Hall, Matt and Jensen, Henrik J.},
    number = {1},
    pages = {73--84},
    volume = {216},
    doi = {10.1006/jtbi.2002.2530},
    issn = {00225193},
    pmid = {12076129},
    arxivId = {cond-mat/0104116}
}

@article{Qian2020TheCommunities,
    title = {{The balance of interaction types determines the assembly and stability of ecological communities}},
    year = {2020},
    journal = {Nature Ecology and Evolution},
    author = {Qian, Jimmy J. and Ak{\c{c}}ay, Erol},
    number = {3},
    month = {3},
    pages = {356--365},
    volume = {4},
    publisher = {Nature Research},
    doi = {10.1038/s41559-020-1121-x},
    issn = {2397334X},
    pmid = {32094535}
}

@article{Lipson2015TheProcesses,
    title = {{The complex relationship between microbial growth rate and yield and its implications for ecosystem processes}},
    year = {2015},
    journal = {Frontiers in Microbiology},
    author = {Lipson, David A.},
    number = {JUN},
    volume = {6},
    publisher = {Frontiers Media S.A.},
    doi = {10.3389/fmicb.2015.00615},
    issn = {1664302X},
    keywords = {Bacterial growth efficiency (BGE), Copiotroph, Growth rate, Growth yield, Microbial growth kinetics, Oligotroph, carbon use efficiency (CUE), climate change}
}

@techreport{CoyneTheGrowth,
    title = {{The Effect of Carbon Dioxide on Bacterial Growth}},
    author = {Coyne, F P},
    url = {https://royalsocietypublishing.org/}
}

@article{MarkJ.Brewer2016TheHeterogeneity,
    title = {{The relative performance of AIC, AICC and BIC in the presence of unobserved heterogeneity}},
    year = {2016},
    journal = {Methods in Ecology and Evolutio},
    author = {{Mark J. Brewer} and {Adam Butler} and {Susan L. Cooksley}},
    number = {7},
    pages = {679--692},
    doi = {10.1111/2041-210X.12541}
}

@techreport{Levins1966THEBIOLOGY,
    title = {{THE STRATEGY OF MODEL BUILDING IN POPULATION BIOLOGY}},
    year = {1966},
    booktitle = {Source},
    author = {Levins, Richard},
    number = {4},
    pages = {421--431},
    volume = {54},
    publisher = {American Scientist},
    url = {https://www.jstor.org/stable/27836590}
}

@article{Arthur2017TheEcology,
    title = {{The Tangled Nature Model for organizational ecology}},
    year = {2017},
    journal = {Computational and Mathematical Organization Theory},
    author = {Arthur, Rudy and Nicholson, Arwen and Sibani, Paolo and Christensen, Michael},
    number = {1},
    month = {3},
    pages = {1--31},
    volume = {23},
    publisher = {Springer Science and Business Media, LLC},
    doi = {10.1007/s10588-016-9214-4},
    issn = {15729346},
    keywords = {Co-evolution, Multi-level modeling, Organizational adaptation, Organizational ecology}
}

@techreport{Westerhoff1983ThermodynamicWastage,
    title = {{Thermodynamic efficiency of microbial growth is low but optimal for maximal growth rate (nonequilibrium thermodynamics/growth yield/r-and K-selection/uncoupling/energy wastage)}},
    year = {1983},
    booktitle = {Proc. Natl Acad. Sci. USA},
    author = {Westerhoff, Hans V and Hellingwerft, Klaas J and Dam, Karel Van},
    pages = {305--309},
    volume = {80}
}